@ARTICLE{mult,
    author = {fluke},
    year = {2020},
    title = {¿Qué es un multímetro digital?},
    url = {https://www.fluke.com/es-mx/informacion/blog/electrica/que-es-un-multimetro-digital},
}

@ARTICLE{ref2,
    author = {Calle J. E.},
    year = {2004},
    title = {Medición de variables eléctricas utilizando señales digitalizadas},
    url = {Scientia et technica, 1(24).},
}

@book{nc3,
	author = {Wolf, S. & Smith, R. F.},
	title = {Guía para mediciones electrónicas y prácticas de laboratorio},
	date = {1992},
	publisher = {Pearson Educación.},
}

@book{nc,
	author = {Guadarrama R. B.},
	title = {Circuitos eléctricos: teoría y práctica},
	date = {2014},
	publisher = {Grupo Editorial Patria.},
}
